@Misc{web:geeks,
    author =       {chitranayal},
    title =        "Pollardâ€™s Rho Algorithm for Prime Factorization",
    howpublished = "online",
    publisher =    "geeksforgeeks.org",
    url =          "\url{https://www.geeksforgeeks.org/pollards-rho-algorithm-prime-factorization/}",
    cited =        "2020-05-03"
}